@ARTICLE{MR2275834,
  AUTHOR = {Bennett, Jonathan and Carbery, Anthony and Tao, Terence},
  DATE = {2006},
  DOI = {10.1007/s11511-006-0006-4},
  EPRINT = {math/0509262},
  EPRINTTYPE = {arXiv},
  ISSN = {0001-5962},
  JOURNALTITLE = {Acta Math.},
  MRNUMBER = {2275834},
  NUMBER = {2},
  PAGES = {261--302},
  TITLE = {On the multilinear restriction and {K}akeya conjectures},
  VOLUME = {196},
}

@ARTICLE{MR3300318,
  AUTHOR = {Guth, Larry},
  DATE = {2015},
  DOI = {10.1017/S0305004114000589},
  EPRINT = {1409.4683},
  EPRINTCLASS = {math.AP},
  EPRINTTYPE = {arXiv},
  ISSN = {0305-0041},
  JOURNALTITLE = {Math. Proc. Cambridge Philos. Soc.},
  MRNUMBER = {3300318},
  NUMBER = {1},
  PAGES = {147--153},
  TITLE = {A short proof of the multilinear {K}akeya inequality},
  VOLUME = {158},
}

@ARTICLE{MR2746348,
  AUTHOR = {Guth, Larry},
  DATE = {2010},
  DOI = {10.1007/s11511-010-0055-6},
  EPRINT = {0811.2251},
  EPRINTCLASS = {math.CA},
  EPRINTTYPE = {arXiv},
  ISSN = {0001-5962},
  JOURNALTITLE = {Acta Math.},
  MRNUMBER = {2746348},
  NUMBER = {2},
  PAGES = {263--286},
  TITLE = {The endpoint case of the {B}ennett-{C}arbery-{T}ao multilinear {K}akeya conjecture},
  VOLUME = {205},
}

@ARTICLE{arxiv:1807.09604,
  AUTHOR = {Zorin-Kranich, Pavel},
  DATE = {2018},
  EPRINT = {1807.09604},
  EPRINTCLASS = {math.CA},
  EPRINTTYPE = {arXiv},
  JOURNALTITLE = {Collect. Math.},
  NOTE = {To appear},
  TITLE = {Kakeya-Brascamp-Lieb inequalities},
}

@ARTICLE{MR3884636,
  AUTHOR = {Ramos, Javier},
  DATE = {2018},
  DOI = {10.1353/ajm.2018.0044},
  EPRINT = {1601.05750},
  EPRINTCLASS = {math.CA},
  EPRINTTYPE = {arXiv},
  ISSN = {0002-9327},
  JOURNALTITLE = {Amer. J. Math.},
  MRNUMBER = {3884636},
  NUMBER = {6},
  PAGES = {1443--1469},
  TITLE = {A trilinear restriction estimate with sharp dependence on transversality},
  VOLUME = {140},
}

@ARTICLE{MR3374964,
  AUTHOR = {Bourgain, Jean and Demeter, Ciprian},
  DATE = {2015},
  DOI = {10.4007/annals.2015.182.1.9},
  EPRINT = {1403.5335},
  EPRINTCLASS = {math.CA},
  EPRINTTYPE = {arXiv},
  ISSN = {0003-486X},
  JOURNALTITLE = {Ann. of Math. (2)},
  MRNUMBER = {3374964},
  NUMBER = {1},
  PAGES = {351--389},
  TITLE = {The proof of the {$l^2$} decoupling conjecture},
  VOLUME = {182},
}

@ARTICLE{MR3592159,
  AUTHOR = {Bourgain, Jean and Demeter, Ciprian},
  DATE = {2017},
  DOI = {10.1007/s11401-016-1066-1},
  EPRINT = {1604.06032},
  EPRINTCLASS = {math.CA},
  EPRINTTYPE = {arXiv},
  ISSN = {0252-9599},
  JOURNALTITLE = {Chin. Ann. Math. Ser. B},
  MRNUMBER = {3592159},
  NUMBER = {1},
  PAGES = {173--200},
  TITLE = {A study guide for the {$l^2$} decoupling theorem},
  VOLUME = {38},
}

@ONLINE{arxiv:1902.03450,
  AUTHOR = {Guo, Shaoming and Zorin-Kranich, Pavel},
  DATE = {2019},
  EPRINT = {1902.03450},
  EPRINTCLASS = {math.CA},
  EPRINTTYPE = {arXiv},
  TITLE = {Decoupling for certain quadratic surfaces of low co-dimensions},
}

@ARTICLE{MR1209299,
  AUTHOR = {Bourgain, J.},
  DATE = {1993},
  DOI = {10.1007/BF01896020},
  ISSN = {1016-443X},
  JOURNALTITLE = {Geom. Funct. Anal.},
  MRNUMBER = {1209299},
  NUMBER = {2},
  PAGES = {107--156},
  TITLE = {Fourier transform restriction phenomena for certain lattice subsets and applications to nonlinear evolution equations. {I}. {S}chr\"{o}dinger equations},
  VOLUME = {3},
}

@MISC{arxiv:1711.01202,
  AUTHOR = {Li, Zane Kun},
  DATE = {2017},
  EPRINT = {1711.01202},
  EPRINTCLASS = {math.CA},
  EPRINTTYPE = {arXiv},
  NOTE = {Preprint},
  TITLE = {Effective $l^2$ decoupling for the parabola},
}

@ARTICLE{MR3038558,
  AUTHOR = {Bourgain, J.},
  DATE = {2013},
  DOI = {10.1007/s11856-012-0077-1},
  EPRINT = {1107.1129},
  EPRINTCLASS = {math.CA},
  EPRINTTYPE = {arXiv},
  ISSN = {0021-2172},
  JOURNALTITLE = {Israel J. Math.},
  MRNUMBER = {3038558},
  NUMBER = {1},
  PAGES = {441--458},
  TITLE = {Moment inequalities for trigonometric polynomials with spectrum in curved hypersurfaces},
  VOLUME = {193},
}

@ARTICLE{MR1127475,
  AUTHOR = {Seeger, Andreas and Sogge, Christopher D. and Stein, Elias M.},
  DATE = {1991},
  DOI = {10.2307/2944346},
  ISSN = {0003-486X},
  JOURNALTITLE = {Ann. of Math. (2)},
  MRNUMBER = {1127475},
  NUMBER = {2},
  PAGES = {231--251},
  TITLE = {Regularity properties of {F}ourier integral operators},
  VOLUME = {134},
}

@ARTICLE{MR1800068,
  AUTHOR = {Wolff, T.},
  DATE = {2000},
  DOI = {10.1007/PL00001652},
  ISSN = {1016-443X},
  JOURNALTITLE = {Geom. Funct. Anal.},
  MRNUMBER = {1800068},
  NUMBER = {5},
  PAGES = {1237--1288},
  TITLE = {Local smoothing type estimates on {$L^p$} for large {$p$}},
  VOLUME = {10},
}

@ARTICLE{MR2456277,
  AUTHOR = {Rogers, Keith M.},
  DATE = {2008},
  DOI = {10.1016/j.aim.2008.08.008},
  ISSN = {0001-8708},
  JOURNALTITLE = {Adv. Math.},
  MRNUMBER = {2456277},
  NUMBER = {6},
  PAGES = {2105--2122},
  TITLE = {A local smoothing estimate for the {S}chr\"{o}dinger equation},
  VOLUME = {219},
}

@ARTICLE{MR1098614,
  AUTHOR = {Sogge, Christopher D.},
  DATE = {1991},
  DOI = {10.1007/BF01245080},
  ISSN = {0020-9910},
  JOURNALTITLE = {Invent. Math.},
  MRNUMBER = {1098614},
  NUMBER = {2},
  PAGES = {349--376},
  TITLE = {Propagation of singularities and maximal functions in the plane},
  VOLUME = {104},
}

@ARTICLE{MR2784663,
  AUTHOR = {Heo, Yaryong and Nazarov, F\"{e}dor and Seeger, Andreas},
  DATE = {2011},
  DOI = {10.1007/s11511-011-0059-x},
  EPRINT = {0902.0943},
  EPRINTCLASS = {math.CA},
  EPRINTTYPE = {arXiv},
  ISSN = {0001-5962},
  JOURNALTITLE = {Acta Math.},
  MRNUMBER = {2784663},
  NUMBER = {1},
  PAGES = {55--92},
  TITLE = {Radial {F}ourier multipliers in high dimensions},
  VOLUME = {206},
}

@ARTICLE{MR2927399,
  AUTHOR = {Lee, Sanghyuk and Vargas, Ana},
  DATE = {2012},
  DOI = {10.1016/j.jfa.2012.05.010},
  ISSN = {0022-1236},
  JOURNALTITLE = {J. Funct. Anal.},
  MRNUMBER = {2927399},
  NUMBER = {4},
  PAGES = {925--940},
  TITLE = {On the cone multiplier in {$\mathbb{R}^3$}},
  VOLUME = {263},
}

@MISC{arxiv:1607.08426,
  AUTHOR = {{Lee}, J.},
  DATE = {2016-07},
  EPRINT = {1607.08426},
  EPRINTCLASS = {math.CA},
  EPRINTTYPE = {arXiv},
  NOTE = {Preprint},
  TITLE = {A trilinear approach to square function and local smoothing estimates for the wave operator},
}

@ARTICLE{MR688026,
  AUTHOR = {C\'{o}rdoba, Antonio},
  URL = {http://www.numdam.org/item?id=AIF_1982__32_3_215_0},
  DATE = {1982},
  ISSN = {0373-0956},
  JOURNALTITLE = {Ann. Inst. Fourier (Grenoble)},
  MRNUMBER = {688026},
  NUMBER = {3},
  PAGES = {vii,215--226},
  TITLE = {Geometric {F}ourier analysis},
  VOLUME = {32},
}

@INCOLLECTION{MR730074,
  AUTHOR = {C\'{o}rdoba, A.},
  PUBLISHER = {Wadsworth, Belmont, CA},
  BOOKTITLE = {Conference on harmonic analysis in honor of {A}ntoni {Z}ygmund, {V}ol. {I}, {II} ({C}hicago, {I}ll., 1981)},
  DATE = {1983},
  MRNUMBER = {730074},
  PAGES = {295--305},
  SERIES = {Wadsworth Math. Ser.},
  TITLE = {Vector valued inequalities for multipliers},
}

@ARTICLE{MR639467,
  AUTHOR = {C\'{o}rdoba, Antonio},
  BOOKTITLE = {Proceedings of the {S}eminar on {H}armonic {A}nalysis ({P}isa, 1980)},
  DATE = {1981},
  ISSN = {0009-725X},
  JOURNALTITLE = {Rend. Circ. Mat. Palermo (2)},
  MRNUMBER = {639467},
  NUMBER = {suppl. 1},
  PAGES = {75--80},
  TITLE = {Some remarks on the {L}ittlewood-{P}aley theory},
}

@ARTICLE{MR1173929,
  AUTHOR = {Mockenhaupt, Gerd and Seeger, Andreas and Sogge, Christopher D.},
  DATE = {1992},
  DOI = {10.2307/2946549},
  ISSN = {0003-486X},
  JOURNALTITLE = {Ann. of Math. (2)},
  MRNUMBER = {1173929},
  NUMBER = {1},
  PAGES = {207--218},
  TITLE = {Wave front sets, local smoothing and {B}ourgain's circular maximal theorem},
  VOLUME = {136},
}

@MISC{arxiv:1812.11616,
  AUTHOR = {{Beltran}, D. and {Hickman}, J. and {Sogge}, C. D.},
  DATE = {2018-12},
  EPRINT = {1812.11616},
  EPRINTCLASS = {math.AP},
  EPRINTTYPE = {arXiv},
  NOTE = {Preprint},
  TITLE = {Sharp local smoothing estimates for Fourier integral operators},
}

@MISC{arxiv:1805.02775,
  AUTHOR = {{Du}, X. and {Zhang}, R.},
  DATE = {2018-05},
  EPRINT = {1805.02775},
  EPRINTCLASS = {math.CA},
  EPRINTTYPE = {arXiv},
  NOTE = {Preprint},
  TITLE = {Sharp $L^2$ estimate of Schr\"{o}dinger maximal function in higher dimensions},
}

@ARTICLE{MR3842310,
  AUTHOR = {Du, Xiumin and Guth, Larry and Li, Xiaochun and Zhang, Ruixiang},
  DATE = {2018},
  DOI = {10.1017/fms.2018.11},
  EPRINT = {1803.01720},
  EPRINTCLASS = {math.CA},
  EPRINTTYPE = {arXiv},
  ISSN = {2050-5094},
  JOURNALTITLE = {Forum Math. Sigma},
  MRNUMBER = {3842310},
  PAGES = {e14,18},
  TITLE = {Pointwise convergence of {S}chr\"{o}dinger solutions and multilinear refined {S}trichartz estimates},
  VOLUME = {6},
}

@ARTICLE{MR1101221,
  AUTHOR = {Kenig, Carlos E. and Ponce, Gustavo and Vega, Luis},
  DATE = {1991},
  DOI = {10.1512/iumj.1991.40.40003},
  ISSN = {0022-2518},
  JOURNALTITLE = {Indiana Univ. Math. J.},
  MRNUMBER = {1101221},
  NUMBER = {1},
  PAGES = {33--69},
  TITLE = {Oscillatory integrals and regularity of dispersive equations},
  VOLUME = {40},
}

@ARTICLE{MR2264734,
  AUTHOR = {Lee, Sanghyuk},
  DATE = {2006},
  EPRINT = {0711.0717},
  EPRINTCLASS = {math.CA},
  EPRINTTYPE = {arXiv},
  ISSN = {1073-7928},
  JOURNALTITLE = {Int. Math. Res. Not.},
  MRNUMBER = {2264734},
  PAGES = {Art. ID 32597,21},
  TITLE = {On pointwise convergence of the solutions to {S}chr\"{o}dinger equations in {$\mathbb{R}^2$}},
}

@ARTICLE{MR2354692,
  AUTHOR = {Barcel\'{o}, J. A. and Bennett, J. M. and Carbery, A. and Ruiz, A. and Vilela, M. C.},
  DATE = {2007},
  DOI = {10.1512/iumj.2007.56.3016},
  EPRINT = {math/0604448},
  EPRINTTYPE = {arXiv},
  ISSN = {0022-2518},
  JOURNALTITLE = {Indiana Univ. Math. J.},
  MRNUMBER = {2354692},
  NUMBER = {4},
  PAGES = {1581--1593},
  TITLE = {Some special solutions of the {S}chr\"{o}dinger equation},
  VOLUME = {56},
}

@ARTICLE{MR3613507,
  AUTHOR = {Luc\`{a}, Renato and Rogers, Keith M.},
  DATE = {2017},
  DOI = {10.1007/s00220-016-2722-8},
  ISSN = {0010-3616},
  JOURNALTITLE = {Comm. Math. Phys.},
  MRNUMBER = {3613507},
  NUMBER = {1},
  PAGES = {341--359},
  TITLE = {Coherence on fractals versus pointwise convergence for the {S}chr\"{o}dinger equation},
  VOLUME = {351},
}

@ARTICLE{MR3574661,
  AUTHOR = {Bourgain, J.},
  DATE = {2016},
  DOI = {10.1007/s11854-016-0042-8},
  EPRINT = {1609.05744},
  EPRINTCLASS = {math.NT},
  EPRINTTYPE = {arXiv},
  ISSN = {0021-7670},
  JOURNALTITLE = {J. Anal. Math.},
  MRNUMBER = {3574661},
  PAGES = {393--396},
  TITLE = {A note on the {S}chr\"{o}dinger maximal function},
  VOLUME = {130},
}

@MISC{arxiv:1703.01360,
  AUTHOR = {Luc\`{a}, R. and Rogers, K.},
  DATE = {2017-03},
  DOI = {10.1017/S0305004117000743},
  EPRINT = {1703.01360},
  EPRINTCLASS = {math.CA},
  EPRINTTYPE = {arXiv},
  NOTE = {Preprint},
  TITLE = {A note on pointwise convergence for the Schr\"{o}dinger equation},
}

@MISC{arxiv:1902.01430,
  AUTHOR = {{Du}, X. and {Kim}, J. and {Wang}, H. and {Zhang}, R.},
  DATE = {2019-02},
  EPRINT = {1902.01430},
  EPRINTCLASS = {math.CA},
  EPRINTTYPE = {arXiv},
  NOTE = {Preprint},
  TITLE = {Lower bounds for estimates of the Schr\"{o}dinger maximal function},
}

@ARTICLE{MR2377493,
  AUTHOR = {Bennett, Jonathan and Carbery, Anthony and Christ, Michael and Tao, Terence},
  DATE = {2008},
  DOI = {10.1007/s00039-007-0619-6},
  EPRINT = {math/0505065},
  EPRINTTYPE = {arXiv},
  ISSN = {1016-443X},
  JOURNALTITLE = {Geom. Funct. Anal.},
  MRNUMBER = {2377493},
  NUMBER = {5},
  PAGES = {1343--1415},
  TITLE = {The {B}rascamp-{L}ieb inequalities: finiteness, structure and extremals},
  VOLUME = {17},
}

@ARTICLE{MR1069246,
  AUTHOR = {Lieb, Elliott H.},
  DATE = {1990},
  DOI = {10.1007/BF01233426},
  ISSN = {0020-9910},
  JOURNALTITLE = {Invent. Math.},
  MRNUMBER = {1069246},
  NUMBER = {1},
  PAGES = {179--208},
  TITLE = {Gaussian kernels have only {G}aussian maximizers},
  VOLUME = {102},
}

@ARTICLE{MR0385456,
  AUTHOR = {Beckner, William},
  DATE = {1975},
  DOI = {10.2307/1970980},
  ISSN = {0003-486X},
  JOURNALTITLE = {Ann. of Math. (2)},
  MRNUMBER = {0385456},
  NUMBER = {1},
  PAGES = {159--182},
  TITLE = {Inequalities in {F}ourier analysis},
  VOLUME = {102},
}

@ARTICLE{MR0412366,
  AUTHOR = {Brascamp, Herm Jan and Lieb, Elliott H.},
  DATE = {1976},
  DOI = {10.1016/0001-8708(76)90184-5},
  ISSN = {0001-8708},
  JOURNALTITLE = {Advances in Math.},
  MRNUMBER = {0412366 (54 \#492)},
  NUMBER = {2},
  PAGES = {151--173},
  TITLE = {Best constants in {Y}oung's inequality, its converse, and its generalization to more than three functions},
  VOLUME = {20},
}

@ARTICLE{MR0346109,
  AUTHOR = {Brascamp, H. J. and Lieb, Elliott H. and Luttinger, J. M.},
  DATE = {1974},
  JOURNALTITLE = {J. Functional Analysis},
  MRNUMBER = {0346109 (49 \#10835)},
  PAGES = {227--237},
  TITLE = {A general rearrangement inequality for multiple integrals},
  VOLUME = {17},
}

@ARTICLE{MR1650312,
  AUTHOR = {Barthe, Franck},
  DATE = {1998},
  DOI = {10.1007/s002220050267},
  EPRINT = {math/9705210},
  EPRINTTYPE = {arXiv},
  ISSN = {0020-9910},
  JOURNALTITLE = {Invent. Math.},
  MRNUMBER = {1650312 (99i:26021)},
  NUMBER = {2},
  PAGES = {335--361},
  TITLE = {On a reverse form of the {B}rascamp-{L}ieb inequality},
  VOLUME = {134},
}

@ARTICLE{MR2077162,
  AUTHOR = {Carlen, E. A. and Lieb, E. H. and Loss, M.},
  DATE = {2004},
  DOI = {10.1007/BF02922101},
  EPRINT = {math/0408030},
  EPRINTTYPE = {arXiv},
  ISSN = {1050-6926},
  JOURNALTITLE = {J. Geom. Anal.},
  MRNUMBER = {2077162},
  NUMBER = {3},
  PAGES = {487--520},
  TITLE = {A sharp analog of {Y}oung's inequality on {$S^N$} and related entropy inequalities},
  VOLUME = {14},
}

@INCOLLECTION{MR1008726,
  AUTHOR = {Ball, Keith},
  PUBLISHER = {Springer, Berlin},
  BOOKTITLE = {Geometric aspects of functional analysis (1987--88)},
  DATE = {1989},
  DOI = {10.1007/BFb0090058},
  MRNUMBER = {1008726},
  PAGES = {251--260},
  SERIES = {Lecture Notes in Math.},
  TITLE = {Volumes of sections of cubes and related problems},
  VOLUME = {1376},
}

@ARTICLE{MR3783217,
  AUTHOR = {Bennett, Jonathan and Bez, Neal and Flock, Taryn C. and Lee, Sanghyuk},
  DATE = {2018},
  DOI = {10.1353/ajm.2018.0013},
  EPRINT = {1508.07502},
  EPRINTCLASS = {math.CA},
  EPRINTTYPE = {arXiv},
  ISSN = {0002-9327},
  JOURNALTITLE = {Amer. J. Math.},
  MRNUMBER = {3783217},
  NUMBER = {2},
  PAGES = {543--569},
  TITLE = {Stability of the {B}rascamp-{L}ieb constant and applications},
  VOLUME = {140},
}

@ARTICLE{MR2836590,
  AUTHOR = {Valdimarsson, Stef\'{a}n Ingi},
  DATE = {2011},
  DOI = {10.1007/s12220-010-9177-5},
  ISSN = {1050-6926},
  JOURNALTITLE = {J. Geom. Anal.},
  MRNUMBER = {2836590},
  NUMBER = {4},
  PAGES = {1036--1043},
  TITLE = {Geometric {B}rascamp-{L}ieb has the optimal best constant},
  VOLUME = {21},
}

@ARTICLE{MR3723636,
  AUTHOR = {Bennett, Jonathan and Bez, Neal and Cowling, Michael G. and Flock, Taryn C.},
  DATE = {2017},
  DOI = {10.1112/blms.12049},
  EPRINT = {1605.08603},
  EPRINTCLASS = {math.CA},
  EPRINTTYPE = {arXiv},
  ISSN = {0024-6093},
  JOURNALTITLE = {Bull. Lond. Math. Soc.},
  MRNUMBER = {3723636},
  NUMBER = {3},
  PAGES = {512--518},
  TITLE = {Behaviour of the {B}rascamp-{L}ieb constant},
  VOLUME = {49},
}

@MISC{arxiv:1811.11052,
  AUTHOR = {Bennett, Jonathan and Bez, Neal and Buschenhenke, Stefan and Cowling, Michael and Flock, Taryn C.},
  DATE = {2018},
  EPRINT = {1811.11052},
  EPRINTCLASS = {math.CA},
  EPRINTTYPE = {arXiv},
  NOTE = {Preprint},
  TITLE = {On the nonlinear Brascamp-Lieb inequality},
}

@ARTICLE{MR3548534,
  AUTHOR = {Bourgain, Jean and Demeter, Ciprian and Guth, Larry},
  DATE = {2016},
  DOI = {10.4007/annals.2016.184.2.7},
  EPRINT = {1512.01565},
  EPRINTCLASS = {math.NT},
  EPRINTTYPE = {arXiv},
  ISSN = {0003-486X},
  JOURNALTITLE = {Ann. of Math. (2)},
  MRNUMBER = {3548534},
  NUMBER = {2},
  PAGES = {633--682},
  TITLE = {Proof of the main conjecture in {V}inogradov's mean value theorem for degrees higher than three},
  VOLUME = {184},
}

@ARTICLE{MR3938716,
  AUTHOR = {Wooley, Trevor D.},
  DATE = {2019},
  DOI = {10.1112/plms.12204},
  EPRINT = {1708.01220},
  EPRINTCLASS = {math.NT},
  EPRINTTYPE = {arXiv},
  ISSN = {0024-6115},
  JOURNALTITLE = {Proc. Lond. Math. Soc. (3)},
  MRNUMBER = {3938716},
  NUMBER = {4},
  PAGES = {942--1016},
  TITLE = {Nested efficient congruencing and relatives of {V}inogradov's mean value theorem},
  VOLUME = {118},
}

@ARTICLE{MR3709122,
  AUTHOR = {Bourgain, Jean and Demeter, Ciprian and Guo, Shaoming},
  DATE = {2017},
  DOI = {10.1016/j.aim.2017.09.008},
  EPRINT = {1608.06346},
  EPRINTCLASS = {math.NT},
  EPRINTTYPE = {arXiv},
  ISSN = {0001-8708},
  JOURNALTITLE = {Adv. Math.},
  MRNUMBER = {3709122},
  PAGES = {827--875},
  TITLE = {Sharp bounds for the cubic {P}arsell-{V}inogradov system in two dimensions},
  VOLUME = {320},
}

@ARTICLE{MR3994585,
  AUTHOR = {Guo, Shaoming and Zhang, Ruixiang},
  DOI = {10.1007/s00222-019-00881-6},
  EPRINT = {1804.02488},
  EPRINTTYPE = {arXiv},
  ISSN = {0020-9910},
  JOURNALTITLE = {Invent. Math.},
  MRNUMBER = {3994585},
  NUMBER = {1},
  PAGES = {1--81},
  TITLE = {On integer solutions of {P}arsell-{V}inogradov systems},
  VOLUME = {218},
}

@ARTICLE{MR4031117,
  AUTHOR = {Guo, Shaoming and Zorin-Kranich, Pavel},
  DOI = {10.1016/j.aim.2019.106889},
  EPRINT = {1811.02207},
  EPRINTCLASS = {math.NT},
  EPRINTTYPE = {arXiv},
  ISSN = {0001-8708},
  JOURNALTITLE = {Adv. Math.},
  MRNUMBER = {4031117},
  TITLE = {Decoupling for moment manifolds associated to {A}rkhipov--{C}hubarikov--{K}aratsuba systems},
  VOLUME = {360},
}

@ARTICLE{MR2860188,
  AUTHOR = {Bourgain, Jean and Guth, Larry},
  DATE = {2011},
  DOI = {10.1007/s00039-011-0140-9},
  EPRINT = {1012.3760},
  EPRINTCLASS = {math.CA},
  EPRINTTYPE = {arXiv},
  ISSN = {1016-443X},
  JOURNALTITLE = {Geom. Funct. Anal.},
  MRNUMBER = {2860188},
  NUMBER = {6},
  PAGES = {1239--1295},
  TITLE = {Bounds on oscillatory integral operators based on multilinear estimates},
  VOLUME = {21},
}

@BOOK{MR1435742,
  AUTHOR = {Vaughan, R. C.},
  LOCATION = {Cambridge},
  PUBLISHER = {Cambridge University Press},
  DATE = {1997},
  EDITION = {Second},
  ISBN = {0-521-57347-5},
  MRNUMBER = {1435742 (98a:11133)},
  PAGES = {xiv+232},
  SERIES = {Cambridge Tracts in Mathematics},
  TITLE = {The {H}ardy-{L}ittlewood method},
  VOLUME = {125},
}

@ARTICLE{MR0447949,
  AUTHOR = {Cordoba, Antonio},
  DATE = {1977},
  DOI = {10.2307/2374006},
  ISSN = {0002-9327},
  JOURNALTITLE = {Amer. J. Math.},
  MRNUMBER = {0447949},
  NUMBER = {1},
  PAGES = {1--22},
  TITLE = {The {K}akeya maximal function and the spherical summation multipliers},
  VOLUME = {99},
}

@ARTICLE{MR2550196,
  AUTHOR = {Barrionuevo, Jos\'{e} A. and Oliveira, Lucas S.},
  DATE = {2010},
  DOI = {10.1090/S0002-9939-09-10082-5},
  EPRINT = {0810.0911},
  EPRINTCLASS = {math.CA},
  EPRINTTYPE = {arXiv},
  ISSN = {0002-9939},
  JOURNALTITLE = {Proc. Amer. Math. Soc.},
  MRNUMBER = {2550196},
  NUMBER = {1},
  PAGES = {309--313},
  TITLE = {A note on maximal averages in the plane},
  VOLUME = {138},
}

@ARTICLE{MR0438022,
  AUTHOR = {C\'{o}rdoba, A.},
  DATE = {1977},
  DOI = {10.2307/1970926},
  ISSN = {0003-486X},
  JOURNALTITLE = {Ann. of Math. (2)},
  MRNUMBER = {0438022},
  NUMBER = {3},
  PAGES = {581--588},
  TITLE = {The multiplier problem for the polygon},
  VOLUME = {105},
}

@ARTICLE{MR0481883,
  AUTHOR = {Str\"{o}mberg, Jan-Olov},
  DATE = {1978},
  DOI = {10.2307/1971122},
  JOURNALTITLE = {Ann. Math. (2)},
  MRNUMBER = {0481883},
  NUMBER = {2},
  PAGES = {399--402},
  TITLE = {Maximal functions associated to rectangles with uniformly distributed directions},
  VOLUME = {107},
}

@ARTICLE{MR1681088,
  AUTHOR = {Katz, Nets Hawk},
  DATE = {1999},
  DOI = {10.1215/S0012-7094-99-09702-8},
  ISSN = {0012-7094},
  JOURNALTITLE = {Duke Math. J.},
  MRNUMBER = {1681088},
  NUMBER = {1},
  PAGES = {67--79},
  TITLE = {Maximal operators over arbitrary sets of directions},
  VOLUME = {97},
}

@INCOLLECTION{MR1979927,
  AUTHOR = {Alfonseca, Angeles and Soria, Fernando and Vargas, Ana},
  PUBLISHER = {Amer. Math. Soc., Providence, RI},
  BOOKTITLE = {Harmonic analysis at {M}ount {H}olyoke ({S}outh {H}adley, {MA}, 2001)},
  DATE = {2003},
  DOI = {10.1090/conm/320/05594},
  MRNUMBER = {1979927},
  PAGES = {1--7},
  SERIES = {Contemp. Math.},
  TITLE = {An almost-orthogonality principle in {$L^2$} for directional maximal functions},
  VOLUME = {320},
}

@INCOLLECTION{MR1261427,
  AUTHOR = {Carbery, Anthony and Hern\'{a}ndez, Eugenio and Soria, Fernando},
  PUBLISHER = {Springer, Tokyo},
  BOOKTITLE = {Harmonic analysis ({S}endai, 1990)},
  DATE = {1991},
  MRNUMBER = {1261427},
  PAGES = {41--50},
  SERIES = {ICM-90 Satell. Conf. Proc.},
  TITLE = {Estimates for the {K}akeya maximal operator on radial functions in {${\bf R}^n$}},
}

@ARTICLE{MR2680067,
  AUTHOR = {Demeter, Ciprian},
  DATE = {2010},
  DOI = {10.1090/S0002-9939-2010-10442-2},
  EPRINT = {1001.1998},
  EPRINTCLASS = {math.CA},
  EPRINTTYPE = {arXiv},
  ISSN = {0002-9939},
  JOURNALTITLE = {Proc. Amer. Math. Soc.},
  MRNUMBER = {2680067},
  NUMBER = {12},
  PAGES = {4433--4442},
  TITLE = {Singular integrals along {$N$} directions in {$\mathbb{R}^2$}},
  VOLUME = {138},
}

@BOOK{MR0482275,
  AUTHOR = {Bergh, J\"{o}ran and L\"{o}fstr\"{o}m, J\"{o}rgen},
  LOCATION = {Berlin},
  PUBLISHER = {Springer-Verlag},
  DATE = {1976},
  MRNUMBER = {0482275 (58 \#2349)},
  NOTE = {Grundlehren der Mathematischen Wissenschaften, No. 223},
  PAGES = {x+207},
  TITLE = {Interpolation spaces. {A}n introduction},
}

@ARTICLE{MR850681,
  AUTHOR = {Rubio de Francia, Jos\'{e} L.},
  DATE = {1985},
  DOI = {10.4171/RMI/7},
  ISSN = {0213-2230},
  JOURNALTITLE = {Rev. Mat. Iberoamericana},
  MRNUMBER = {850681 (87j:42057)},
  NUMBER = {2},
  PAGES = {1--14},
  TITLE = {A {L}ittlewood-{P}aley inequality for arbitrary intervals},
  VOLUME = {1},
}

@BOOK{MR2293255,
  AUTHOR = {Lacey, Michael T.},
  PUBLISHER = {State University of New York, University at Albany, Albany, NY},
  DATE = {2007},
  EPRINT = {math/0306417},
  EPRINTTYPE = {arXiv},
  MRNUMBER = {2293255},
  PAGES = {36},
  SERIES = {New York Journal of Mathematics. NYJM Monographs},
  TITLE = {Issues related to {R}ubio de {F}rancia's {L}ittlewood-{P}aley inequality},
  VOLUME = {2},
}

@MISC{arxiv:1902.03644,
  AUTHOR = {{Di Plinio}, F. and {Parissis}, I.},
  DATE = {2019-02},
  EPRINT = {1902.03644},
  EPRINTCLASS = {math.CA},
  EPRINTTYPE = {arXiv},
  NOTE = {Preprint},
  TITLE = {Directional square functions and a sharp Meyer lemma},
}

